0000001081700005                  Address                   BBRUBEBB0   0403200393 00000                                       2
12001BE47435000000080                  EUR0000000000000000010717DUNDER MIFFLIN                                               001
2100010000REF BANK             0000000000100000200717001010000COMMUNICATION                                        19071700100 0
8001BE47435000000080                  EUR0000000000100000010817                                                                0
9               000003000000000000000000000000100000                                                                           2
