110081539800014144521803181803202000000003005009783DUNDER MIFFLIN               
22    09011803191803191240810000000000109800000000000000000000005540014387733014
2301COMPRA TARG 5540XXXXXXXX3014 DNH*MICHAEL SCOTT                              
3300815398000141445200001000000000010980000000000000000000200000000299402978    
88999999999999999999000004                                                      
